<record><leader>00000cas a22000007a 4500</leader><controlfield tag="001">16727517</controlfield><controlfield tag="008">870922d18401843ohuwr ne      0    0eng d</controlfield><datafield ind1=" " ind2=" " tag="010"><subfield code="a">sn 87075092 </subfield></datafield><datafield ind1=" " ind2=" " tag="040"><subfield code="a">ONP</subfield><subfield code="b">eng</subfield><subfield code="c">ONP</subfield><subfield code="d">MGN</subfield><subfield code="d">OCLCQ</subfield></datafield><datafield ind1=" " ind2=" " tag="042"><subfield code="a">msc</subfield></datafield><datafield ind1="0" ind2=" " tag="130"><subfield code="a">Scioto Valley post (Portsmouth, Ohio)</subfield></datafield><datafield ind1="1" ind2="0" tag="245"><subfield code="a">Scioto Valley post.</subfield></datafield><datafield ind1=" " ind2=" " tag="260"><subfield code="a">Portsmouth, Scioto County, Ohio :</subfield><subfield code="b">[W.P. Camden],</subfield><subfield code="c">1840-1843.</subfield></datafield><datafield ind1=" " ind2=" " tag="300"><subfield code="a">v.</subfield></datafield><datafield ind1=" " ind2=" " tag="310"><subfield code="a">Weekly</subfield></datafield><datafield ind1="1" ind2=" " tag="362"><subfield code="a">Vol. 1, no. 1 (June 9, 1840)-v. 3, no. 25 (Oct. 24, 1843).</subfield></datafield><datafield ind1=" " ind2=" " tag="752"><subfield code="a">United States</subfield><subfield code="b">Ohio</subfield><subfield code="c">Scioto</subfield><subfield code="d">Portsmouth.</subfield></datafield></record>